@conference{widom2005trio,
  title={{Trio: A system for integrated management of data, accuracy, and lineage}},
  author={Widom, J.},
  year={2005},
  organization={Citeseer}
}

@conference{ikeda2010panda,
  title={{Panda: A system for provenance and data}},
  author={Ikeda, R. and Widom, J.},
  booktitle={Proceedings of the 2nd USENIX Workshop on the Theory and Practice of Provenance (TaPP’10)},
  year={2010}
}

@conference{sarma2010live,
  title={{LIVE: A lineage-supported versioned DBMS}},
  author={Sarma, A.D. and Theobald, M. and Widom, J.},
  booktitle={Scientific and Statistical Database Management: 22nd International Conference, Ssdbm 2010, Heidelberg, Germany, June 30-July 2, 2010, Proceedings},
  pages={416},
  year={2010}
}

@conference{stonebraker9requirements,
  title={{Requirements for science data bases and SciDB}},
  author={Stonebraker, M. and Becla, J. and Dewitt, D. and Lim, K.T. and Maier, D. and Ratzesberger, O. and Zdonik, S.},
  booktitle={4th Biennial Conference on Innovative Data Systems Research (CIDR’09)}
}

@article{cudré2009demonstration,
  title={{A demonstration of SciDB: a science-oriented DBMS}},
  author={Cudr{\'e}-Mauroux, P. and Kimura, H. and Lim, K.T. and Rogers, J. and Simakov, R. and Soroush, E. and Velikhov, P. and Wang, D.L. and Balazinska, M. and Becla, J. and others},
  journal={Proceedings of the VLDB Endowment},
  volume={2},
  number={2},
  pages={1534--1537},
  year={2009},
  publisher={VLDB Endowment}
}

@inproceedings{lineage_stanford,
 title = {Practical Lineage Tracing in Data Warehouses},
 booktitle = {Proceedings of the 16th International Conference on Data Engineering},
 year = {2000},
 isbn = {0-7695-0506-6},
 pages = {367--},
 url = {http://portal.acm.org/citation.cfm?id=846219.847324},
 acmid = {847324},
 publisher = {IEEE Computer Society},
 address = {Washington, DC, USA},
 keywords = {data warehouse, data lineage, auxiliary view},
} 

@inproceedings{chapman_provstorage,
 author = {Chapman, Adriane P. and Jagadish, H. V. and Ramanan, Prakash},
 title = {Efficient provenance storage},
 booktitle = {Proceedings of the 2008 ACM SIGMOD international conference on Management of data},
 series = {SIGMOD '08},
 year = {2008},
 isbn = {978-1-60558-102-6},
 location = {Vancouver, Canada},
 pages = {993--1006},
 numpages = {14},
 url = {http://doi.acm.org/10.1145/1376616.1376715},
 doi = {http://doi.acm.org/10.1145/1376616.1376715},
 acmid = {1376715},
 publisher = {ACM},
 address = {New York, NY, USA},
 keywords = {provenance compression, provenance storage},
} 

@inproceedings{queryprov_sig2010,
 author = {Karvounarakis, Grigoris and Ives, Zachary G. and Tannen, Val},
 title = {Querying data provenance},
 booktitle = {Proceedings of the 2010 international conference on Management of data},
 series = {SIGMOD '10},
 year = {2010},
 isbn = {978-1-4503-0032-2},
 location = {Indianapolis, Indiana, USA},
 pages = {951--962},
 numpages = {12},
 url = {http://doi.acm.org/10.1145/1807167.1807269},
 doi = {http://doi.acm.org/10.1145/1807167.1807269},
 acmid = {1807269},
 publisher = {ACM},
 address = {New York, NY, USA},
 keywords = {annotation, data provenance, query language, query processing},
} 

@MISC{glavic_dataprovenance,
    author = {Boris Glavic and Klaus Dittrich},
    title = {Data Provenance: A Categorization of Existing Approaches},
    year = {}
}

@ARTICLE{simmhan_survey,
    author = {Yogesh L. Simmhan and Beth Plale and Dennis Gannon},
    title = {A survey of data provenance in e-science},
    journal = {SIGMOD Record},
    year = {2005},
    volume = {34},
    pages = {31--36}
}

@TECHREPORT{simmhan05asurvey,
    author = {Yogesh L. Simmhan and Beth Plale and Dennis Gannon},
    title = {A Survey of Data Provenance Techniques},
    institution = {},
    year = {2005}
}

@INPROCEEDINGS{buneman00,
    author = {Peter Buneman and Sanjeev Khanna and Wang-chiew Tan},
    title = {Data provenance: some basic issues},
    booktitle = {In Foundations of Software Technology and Theoretical Computer Science},
    year = {2000},
    pages = {87--93},
    publisher = {Springer}
}

@inproceedings{schema_vldb07,
 author = {Green, Todd J. and Karvounarakis, Grigoris and Ives, Zachary G. and Tannen, Val},
 title = {Update exchange with mappings and provenance},
 booktitle = {Proceedings of the 33rd international conference on Very large data bases},
 series = {VLDB '07},
 year = {2007},
 isbn = {978-1-59593-649-3},
 location = {Vienna, Austria},
 pages = {675--686},
 numpages = {12},
 url = {http://portal.acm.org/citation.cfm?id=1325851.1325929},
 acmid = {1325929},
 publisher = {VLDB Endowment},
}

@article{integration_vldb08,
 author = {Talukdar, Partha Pratim and Jacob, Marie and Mehmood, Muhammad Salman and Crammer, Koby and Ives, Zachary G. and Pereira, Fernando and Guha, Sudipto},
 title = {Learning to create data-integrating queries},
 journal = {Proc. VLDB Endow.},
 volume = {1},
 issue = {1},
 month = {August},
 year = {2008},
 issn = {2150-8097},
 pages = {785--796},
 numpages = {12},
 url = {http://dx.doi.org/10.1145/1453856.1453941},
 doi = {http://dx.doi.org/10.1145/1453856.1453941},
 acmid = {1453941},
 publisher = {VLDB Endowment},
} 

@inproceedings{schema_vldb06,
 author = {Chiticariu, Laura and Tan, Wang-Chiew},
 title = {Debugging schema mappings with routes},
 booktitle = {Proceedings of the 32nd international conference on Very large data bases},
 series = {VLDB '06},
 year = {2006},
 location = {Seoul, Korea},
 pages = {79--90},
 numpages = {12},
 url = {http://portal.acm.org/citation.cfm?id=1182635.1164136},
 acmid = {1164136},
 publisher = {VLDB Endowment},
} 

@inproceedings{chimera_2002,
 author = {Foster, Ian T. and V\"{o}ckler, Jens-S. and Wilde, Michael and Zhao, Yong},
 title = {Chimera: AVirtual Data System for Representing, Querying, and Automating Data Derivation},
 booktitle = {Proceedings of the 14th International Conference on Scientific and Statistical Database Management},
 series = {SSDBM '02},
 year = {2002},
 isbn = {0-7695-1632-7},
 pages = {37--46},
 numpages = {10},
 url = {http://dx.doi.org/10.1109/SSDM.2002.1029704},
 doi = {http://dx.doi.org/10.1109/SSDM.2002.1029704},
 acmid = {695938},
 publisher = {IEEE Computer Society},
 address = {Washington, DC, USA},
} 

@inproceedings{dataspace_halevy,
 author = {Halevy, Alon and Franklin, Michael and Maier, David},
 title = {Principles of dataspace systems},
 booktitle = {Proceedings of the twenty-fifth ACM SIGMOD-SIGACT-SIGART symposium on Principles of database systems},
 series = {PODS '06},
 year = {2006},
 isbn = {1-59593-318-2},
 location = {Chicago, IL, USA},
 pages = {1--9},
 numpages = {9},
 url = {http://doi.acm.org/10.1145/1142351.1142352},
 doi = {http://doi.acm.org/10.1145/1142351.1142352},
 acmid = {1142352},
 publisher = {ACM},
 address = {New York, NY, USA},
 keywords = {data integration, dataspaces, information retrieval and databases, personal information management},
} 

@INPROCEEDINGS{preserv_prov,
    author = {Paul Groth and Simon Miles and Luc Moreau},
    title = {PReServ: Provenance Recording for Services},
    booktitle = {In Proceedings of the UK OST e-Science second All Hands Meeting 2005 (AHM’05), Nottingham,UK},
    year = {2005}
}

@inproceedings{dbnotes_sig05,
 author = {Chiticariu, Laura and Tan, Wang-Chiew and Vijayvargiya, Gaurav},
 title = {DBNotes: a post-it system for relational databases based on provenance},
 booktitle = {Proceedings of the 2005 ACM SIGMOD international conference on Management of data},
 series = {SIGMOD '05},
 year = {2005},
 isbn = {1-59593-060-4},
 location = {Baltimore, Maryland},
 pages = {942--944},
 numpages = {3},
 url = {http://doi.acm.org/10.1145/1066157.1066296},
 doi = {http://doi.acm.org/10.1145/1066157.1066296},
 acmid = {1066296},
 publisher = {ACM},
 address = {New York, NY, USA},
} 

@misc{postgres,
Author={},
Howpublished={\url{www.postgresql.org}},
Title={PostgreSQL}
}

@ARTICLE{tan_ieee04,
    author = {Wang-chiew Tan},
    title = {Research problems in data provenance},
    journal = {IEEE Data Engineering Bulletin},
    year = {2004},
    volume = {27},
    pages = {45--52}
}
